<record><leader>00000cas a22000007a 4500</leader><controlfield tag="001">22613454</controlfield><controlfield tag="008">901031d19191951mnuwr ne      0    0eng d</controlfield><datafield ind1=" " ind2=" " tag="010"><subfield code="a">sn 90060631 </subfield></datafield><datafield ind1=" " ind2=" " tag="040"><subfield code="a">MN#</subfield><subfield code="b">eng</subfield><subfield code="c">MN#</subfield><subfield code="d">OCLCQ</subfield><subfield code="d">OCLCF</subfield><subfield code="d">OCLCO</subfield></datafield><datafield ind1="1" ind2=" " tag="029"><subfield code="a">AU@</subfield><subfield code="b">000025909297</subfield></datafield><datafield ind1=" " ind2=" " tag="042"><subfield code="a">msc</subfield></datafield><datafield ind1=" " ind2=" " tag="043"><subfield code="a">n-us-mn</subfield></datafield><datafield ind1=" " ind2=" " tag="052"><subfield code="a">4144</subfield><subfield code="b">P2</subfield></datafield><datafield ind1=" " ind2=" " tag="052"><subfield code="a">4143</subfield><subfield code="b">H8</subfield></datafield><datafield ind1="0" ind2=" " tag="130"><subfield code="a">Park Rapids enterprise (Park Rapids, Minn. : 1919)</subfield></datafield><datafield ind1="1" ind2="4" tag="245"><subfield code="a">The Park Rapids enterprise.</subfield></datafield><datafield ind1=" " ind2=" " tag="260"><subfield code="a">Park Rapids, Hubbard County, Minn. :</subfield><subfield code="b">J.D. Haradon,</subfield><subfield code="c">1919-1951.</subfield></datafield><datafield ind1=" " ind2=" " tag="300"><subfield code="a">33 v.</subfield></datafield><datafield ind1=" " ind2=" " tag="310"><subfield code="a">Weekly</subfield></datafield><datafield ind1="0" ind2=" " tag="362"><subfield code="a">Vol. 37, no. 1 (July 10, 1919)-v. 69, no. 53 (June 28, 1951).</subfield></datafield><datafield ind1=" " ind2=" " tag="530"><subfield code="a">Available on microfilm from the Minnesota Historical Society.</subfield></datafield><datafield ind1=" " ind2="0" tag="651"><subfield code="a">Park Rapids (Minn.)</subfield><subfield code="v">Newspapers.</subfield></datafield><datafield ind1=" " ind2="7" tag="655"><subfield code="a">Newspapers.</subfield><subfield code="2">fast</subfield><subfield code="0">(OCoLC)fst01423814</subfield></datafield><datafield ind1=" " ind2="7" tag="651"><subfield code="a">Minnesota</subfield><subfield code="z">Park Rapids.</subfield><subfield code="2">fast</subfield><subfield code="0">(OCoLC)fst01227917</subfield></datafield><datafield ind1=" " ind2=" " tag="752"><subfield code="a">United States</subfield><subfield code="b">Minnesota</subfield><subfield code="c">Hubbard</subfield><subfield code="d">Park Rapids.</subfield></datafield><datafield ind1="0" ind2="0" tag="780"><subfield code="t">Enterprise (Park Rapids, Minn.)</subfield><subfield code="w">(DLC)sn 90060630</subfield></datafield><datafield ind1="0" ind2="5" tag="780"><subfield code="t">Nevis news</subfield></datafield><datafield ind1="0" ind2="5" tag="780"><subfield code="t">Laporte news (Laporte, Minn.)</subfield><subfield code="w">(DLC)sn 90060634</subfield></datafield><datafield ind1="0" ind2="5" tag="780"><subfield code="t">Guthrie news (Guthrie, Minn.)</subfield><subfield code="w">(DLC)sn 90060635</subfield></datafield><datafield ind1="0" ind2="7" tag="785"><subfield code="t">Hubbard County journal</subfield><subfield code="w">(DLC)sn 90060622</subfield></datafield><datafield ind1="0" ind2="7" tag="785"><subfield code="t">Park Rapids enterprise and Hubbard County journal</subfield><subfield code="w">(DLC)sn 90060632</subfield></datafield></record>